
@misc{carlson,
		author = "Carlson Inc.",
		title = "FCC Certifies Carlson Wireless Technologies TV White Space Radio",
		year = 2014,
		howpublished = "\url{http://www.carlsonwireless.com/rural-connect-press-release.html}"
	}
@book{Aczel,
        author = {Aczel, J.},
        title = {Lectures on functional equations and their applications},
        year = {1966},
        publisher = {Academic Press},
        address   = {New York},
        pages = {144}} %don't have

@article{Cilberto,
        author  = {Benzi, R. and Ciliberto, S. and Baudet, C. and Ruiz Chavarria, G. and Tripiccione, R.},
        title   = {Extended self-similarity in the dissipation range of fully developed turbulence},
        year    = {1993},
        journal = {Europhys. Lett.},
        volume  = {24},
        number   = {4},
        pages   = {275-279}} %have

@article{Benzi1995,
        author  = {Benzi,R. and Ciliberto, S. and Baudet, C. and Chavarria, G.R.},
        title   = {On the scaling of three-dimensional homogeneous and isotropic turbulence},
        year    = {1995},
        journal = {Physica D},
        volume  = {80},
        pages   = {385-398}} %have

@article{Kerr,
        author  = {Biferale, L. and Kerr, R.M.},
        title   = {Role of inviscid invariants in shell models of turbulence},
        year    = {1995},
        journal = {Phys. Rev. E},
        volume  = {52},
        issue   = {6},
        pages   = {6113-6122}}

@article{Biferal,
        author  = {Biferal, L.},
        title   = {Shell models of Energy Cascade in Turbulence},
        year    = {2003},
        journal = {Annu. Rev. Fluid Mech.},
        volume  = {35},
        pages   = {441-468}}

