@misc{carlson,
		author = "Carlson Inc.",
		title = "FCC Certifies Carlson Wireless Technologies TV White Space Radio",
		year = 2014,
		howpublished = "\url{http://www.carlsonwireless.com/rural-connect-press-release.html}"
	}
@inproceedings{joshi2009efficient,
	  title={An efficient MAC protocol for improving the network throughput for cognitive radio networks},
	    author={Joshi, Gyanendra Prasad and Kim, Sung Won and Kim, Byung-Seo},
		  booktitle={Next Generation Mobile Applications, Services and Technologies, 2009. NGMAST'09. Third International Conference on},
		    pages={271--275},
			  year={2009},
			    organization={IEEE}
}
@inproceedings{kodialam2005characterizing,
  title={Characterizing the capacity region in multi-radio multi-channel wireless mesh networks},
  author={Kodialam, Murali and Nandagopal, Thyaga},
  booktitle={Proceedings of the 11th annual international conference on Mobile computing and networking},
  pages={73--87},
  year={2005},
  organization={ACM}
}
@inproceedings{franklin2007node,
	  title={Node placement algorithm for deployment of two-tier wireless mesh networks},
	    author={Franklin, A Antony and Murthy, C Siva Ram},
		  booktitle={Global Telecommunications Conference, 2007. GLOBECOM'07. IEEE},
		    pages={4823--4827},
			  year={2007},
			    organization={IEEE}
}
@article{martello1998exact,
	  title={Exact solution of the two-dimensional finite bin packing problem},
	    author={Martello, Silvano and Vigo, Daniele},
		  journal={Management science},
		    volume={44},
			  number={3},
			    pages={388--399},
				  year={1998},
				    publisher={INFORMS}
}
